@Misc{cvut,
title = "Quicksort",
howpublished = "online",
revised = "Poslední zmena 27. 4. 2018",
cited = "!2019-04-02",
url = "https://moodle.fit.cvut.cz/mod/page/view.php?id=60922",
}
@Misc{def,
title = "Řadicí algoritmus",
howpublished = "online",
revised = "Poslední zmena 30. 10. 2018",
cited = "!2019-05-01",
url = "https://cs.wikipedia.org/wiki/",
}

@Misc{uvod,
title = "Quick sort (rychlé řazení)",
howpublished = "online",
cited = "!2019-05-01",
url = "http://voho.eu/wiki/quick-sort/",
}

@Misc{popis,
title = "Quicksort",
howpublished = "online",
cited = "!2019-05-01",
url = "https://www.algoritmy.net/article/10/Quicksort",
}

@Misc{uvod_72,
author = "Oetiker, Tobias",
title = "The Not So Short Introduction to {{\LaTeX $\epsilon$}}",
howpublished = "online",
revised = "Poslední zmena 26. 3. 2018",
cited = "!2019-04-10",
url = "https://tobi.oetiker.ch/lshort/lshort.pdf",
}

@Book{zac_rybicka,
author = "Rybička, Jiří",
title = "{{\LaTeX}} pro začátečníky",
publisher = "Konvoj",
year = "1995",
edition = "1",
address = "Brno",
isbn = "80--85615--42--8",
}

@BachelorThesis{pysny_bc,
author = "Pyšný, Radek",
title = "{{\textsc{Bib}\TeX}} styl pro ČSN ISO 690 a ČSN ISO 690-2",
school = "Jihočeská univerzita v Českých Budějovicích",
address = "České Budějovice",
year = "2011",
}

@BachelorThesis{bud_bc,
author = "Bojko, Pavel",
title = "Problematika sazby odborného textu v prostředí {{\LaTeX}}",
school = "VUT FIT Brno",
address = "Brno",
year = "2008",
}

@Book{muni_dipl,
author = "Lomtatidze, Lenka a Plch, Roman",
title = "Sázíme v {{\TeX u}} diplomovou práci z matematiky.",
publisher = "MUNI Bno",
year = "2003",
edition = "1",
address = "Brno",
isbn = "80--210--3228--6",
}

@Article{pragm_cs,
author = "Petr OLŠÁK",
title = "{{\TeX}} pro pragmatiky",
journal = "Zpravodaj Československého sdružení uživatelů TeXu",
number = "1\,--\,4",
year = "2014",
ISSN = "1211-6661",
}

@Misc{guide_pdf,
title = "User’s Guide for the amsmath Package",
howpublished = "online",
revised = "Poslední zmena 5. 4. 2018",
cited = "!2019-04-10",
url = "https://www.latex-project.org/help/documentation/amsldoc.pdf",
}

